
@inproceedings{pike_bitmap_1984,
	title = {Bitmap {Graphics} {SIGGRAPH}'84 {Course} {Notes} - {Technical} {Memorandum}},
	copyright = {AT\&T Bell Laboratories},
	url = {https://pdos.csail.mit.edu/%7Ersc/pike84bitblt.pdf},
	urldate = {2023-02-10},
	publisher = {AT\&T Bell Laboratories},
	author = {Pike, Rob and Guibas, Leo and Ingalls, Dan},
	month = may,
	year = {1984},
	pages = {68}
}
