
@misc{SRS,
	Author = {de Fourestier, J.},
	Howpublished = {\url{https://github.com/joedf/CAS741_w23}},
	Title = {Software Requirements Specification for ImgBeamer: Scanning Electron Microscope Image Formation},
	Year = {2023},
	editor = {Wang, K., Balaci, J., and Smith, Dr.\ S.},
	publisher = {McMaster University},
	journaltitle = {CAS 741 (Winter 2023)},
	Bdsk-Url-1 = {https://github.com/joedf/CAS741_w23/blob/main/docs/SRS/SRS.pdf}
}
