
@misc{html5,
	title = {{HTML} Living Standard - Specification},
	url = {https://html.spec.whatwg.org/multipage/introduction.html},
	journaltitle = {{HTML} Living Standard - Specification},
	author = {{W3C}},
	publisher = {{W3C}},
	year = {2023},
	month = {Mar}
}

@misc{html_std_canvas,
	title = {{HTML} Living Standard, the canvas element},
	url = {https://html.spec.whatwg.org/multipage/canvas.html},
	journaltitle = {{HTML} Living Standard},
	author = {{W3C}},
	publisher = {{W3C}},
	year = {2023},
	month = {Mar}
}

@misc{html_DOM,
	title = {{DOM} Living Standard},
	url = {https://dom.spec.whatwg.org/},
	journaltitle = {{DOM} Living Standard},
	author = {{W3C}},
	publisher = {{W3C}},
	lastupdated = {2023-02-22},
	year = {2023},
	month = {Mar}
}

@misc{MDN_imagedata,
	title = {{ImageData} - {Web} {APIs} {\textbar} {MDN}},
	url = {https://developer.mozilla.org/en-US/docs/Web/API/ImageData},
	abstract = {The ImageData interface represents the underlying pixel data of an area of a {\textless}canvas{\textgreater} element.},
	language = {en-US},
	author = {MDN},
	urldate = {2023-03-19},
	month = feb,
	year = {2023},
}


@misc{konva_2021,
	title = {Konva.js - {JavaScript} 2d canvas library},
	url = {https://konvajs.org/index.html},
	abstract = {Konva is 2d Canvas JavaScript framework for drawings shapes, animations, node nesting, layering, filtering, event handling, drag and drop and much more.},
	language = {en},
	urldate = {2023-03-12},
	journal = {Konva.js - JavaScript 2d canvas library},
	author = {Lavrenov, Anton},
	month = dec,
	year = {2021},
}

@misc{jquery,
	title = {{jQuery}: The Write Less, Do More, JavaScript Library},
	url = {https://jquery.com/},
	abstract = {{jQuery} is a fast, small, and feature-rich JavaScript library. It makes things like HTML document traversal and manipulation, event handling, animation, and Ajax much simpler with an easy-to-use API that works across a multitude of browsers. With a combination of versatility and extensibility, jQuery has changed the way that millions of people write JavaScript.},
	language = {en-US},
	urldate = {2023-03-19},
	year = {2023},
	author = {{OpenJS} Foundation and contributors},
}

